
@ARTICLE{RSPW1,
       author = {{Ranganathan}, Dhruv and {Santos-Parker}, Keli and {Wise}, Jonathan},
        title = "{Moduli of stable maps in genus one and logarithmic geometry I}",
      journal = {arXiv e-prints},
     keywords = {Mathematics - Algebraic Geometry},
         year = 2017,
        month = Aug,
          eid = {arXiv:1708.02359},
        pages = {arXiv:1708.02359},
archivePrefix = {arXiv},
       eprint = {1708.02359},
 primaryClass = {math.AG},
       adsurl = {https://ui.adsabs.harvard.edu/\#abs/2017arXiv170802359R},
      adsnote = {Provided by the SAO/NASA Astrophysics Data System}
}

@ARTICLE{RSPW2,
       author = {{Ranganathan}, Dhruv and {Santos-Parker}, Keli and {Wise}, Jonathan},
        title = "{Moduli of stable maps in genus one and logarithmic geometry II}",
      journal = {arXiv e-prints},
     keywords = {Mathematics - Algebraic Geometry},
         year = 2017,
        month = Sep,
          eid = {arXiv:1709.00490},
        pages = {arXiv:1709.00490},
archivePrefix = {arXiv},
       eprint = {1709.00490},
 primaryClass = {math.AG},
       adsurl = {https://ui.adsabs.harvard.edu/\#abs/2017arXiv170900490R},
      adsnote = {Provided by the SAO/NASA Astrophysics Data System}
}

@article{SMY1,
	author = "Smyth, David Ishii",
	doi = "10.1112/S0010437X10005014",
	fjournal = "Compositio Mathematica",
	issn = "0010-437X",
	journal = "Compos. Math.",
	mrclass = "14D23 (14H10)",
	mrnumber = "2801404",
	mrreviewer = "Concettina Galati",
	number = "3",
	pages = "877--913",
	title = "{Modular compactifications of the space of pointed elliptic curves {I}}",
	url = "http://0-dx.doi.org.pugwash.lib.warwick.ac.uk/10.1112/S0010437X10005014",
	volume = "147",
	year = "2011"
}

@article{SMY2,
	author = "Smyth, David Ishii",
	doi = "10.1112/S0010437X11005549",
	fjournal = "Compositio Mathematica",
	issn = "0010-437X",
	journal = "Compos. Math.",
	mrclass = "14H10 (14D23 14E30 14H52)",
	mrnumber = "2862065",
	mrreviewer = "Hsian-Hua Tseng",
	number = "6",
	pages = "1843--1884",
	title = "{Modular compactifications of the space of pointed elliptic curves {II}}",
	url = "http://0-dx.doi.org.pugwash.lib.warwick.ac.uk/10.1112/S0010437X11005549",
	volume = "147",
	year = "2011"
}

@phdthesis{vdW,
  title={Moduli of singular curves and crimping},
  author={van der Wyck, Frederick DW},
  year={2010},
  school={Harvard University}
}
